book{Grotker2002,
address = {Boston},
author = {Gr{\"{o}}tker, Thorsten and Liao, Stan and Grant, Martin and Swan, Stuart},
doi = {10.1007/b116588},
publisher = {Springer US},
title = {System Design with SystemC},
year = {2002},
}

@standard{OpenSystemCInitiative2012,
author = {Open SystemC Initiative},
doi = {10.1109/IEEESTD.2012.6134619},
institution = {IEEE},
isbn = {9780738168012},
title = {1666-2011 - IEEE Standard for Standard SystemC Language Reference Manual},
year = {2012},
}


@standard{OpenSystemCInitiative2009,
author = {Open SystemC Initiative},
institution = {OSCI},
title = {OSCI TLM-2.0 language reference manual},
url = {http://www.accellera.org/images/downloads/standards/systemc/TLM_2_0_LRM.pdf},
note = {visited on 20-2-2017},
year = {2009},
}


@inproceedings{Moy,
address = {New Jersey},
author = {Moy, Matthieu},
booktitle = {Design, Automation {\&} Test in Europe Conference {\&} Exhibition (DATE), 2013},
doi = {10.7873/DATE.2013.017},
publisher = {IEEE Conference Publications},
title = {Parallel Programming with SystemC for Loosely Timed Models: A Non-Intrusive Approach},
year = {2013},
}

@article{Chen2012,
author = {Chen, Weiwei and Han, Xu and Chang, Che-wei and Doemer, R.},
title = {Advances in Parallel Discrete Event Simulation for Electronic System-Level Design},
doi = {10.1109/MDT.2012.2226015},
journal = {IEEE Design {\&} Test of Computers},
volume = {30},
month = feb,
year = {2012},
}


@article{Anane2015,
author = {Anane, Amine and Aboulhamid, El Mostapha},
title = {A Transaction-Based Environment for System Modeling and Parallel Simulation},
doi = {10.1007/s10766-013-0303-4},
journal = {International Journal of Parallel Programming},
volume = {43},
year = {2015},
month = feb,
}

@article{Edwards1997,
author = {Edwards, S. and Lavagno, L. and Lee, E.a. and Sangiovanni-Vincentelli, A.},
title = {Design of embedded systems: formal models, validation, and synthesis},
doi = {10.1109/5.558710},
journal = {Proceedings of the IEEE},
volume = {85},
month = mar,
year = {1997},
}

@book{Editor2014,
editor = {Claudius Ptolemaeus},
title  = {System Design, Modeling, and Simulation using Ptolemy II},
publisher = {Ptolemy.org},
year = {2014},
URL = {http://ptolemy.org/books/Systems},
note = {visited on 20-2-2017},
} 


@INCOLLECTION{JanSan2005,
  author = {Axel Jantsch and Ingo Sander},
  title = {Models of computation in the design process},
  booktitle = {SoC: Next Generation Electronics},
  publisher = {IEE},
  year = {2005},
  editor = {Bashir M Al-Hashimi},
  note = {visited on 20-02-2017},
  url = {http://web.it.kth.se/~ingo/Papers/IEE2005-Book.pdf}
}

@article{Fujimoto1990,
author = {Fujimoto, Richard M.},
title = {Parallel discrete event simulation},
doi = {10.1145/84537.84545},
journal = {Communications of the ACM},
volume = {33},
month = oct,
year = {1990},
}


@book{Black2010,
author = {Black, David C. and Donovan, Jack and Bunton, Bill and Keist, Anna},
title = {SystemC: From the Ground Up},
doi = {10.1007/978-0-387-69958-5},
isbn = {978-0-387-69957-8},
edition = {2},
publisher = {Springer US},
year = {2010},
}

@inproceedings{Schumacher2010,
author = {Schumacher, Christoph and Leupers, Rainer and Petras, Dietmar and Hoffmann, Andreas},
title = {parSC: Synchronous Parallel SystemC Simulation on Multi-Core Host Architectures},
booktitle = {Proceedings of the eighth IEEE/ACM/IFIP international conference on Hardware/software codesign and system synthesis - CODES/ISSS '10},
doi = {10.1145/1878961.1879005},
publisher = {ACM Press},
year = {2010},
}

@inproceedings{Domer2011,
author = {Domer, Rainer and Chen, Weiwei and Han, Xu and Gerstlauer, Andreas},
title = {Multi-core parallel simulation of System-level Description Languages},
booktitle = {16th Asia and South Pacific Design Automation Conference (ASP-DAC 2011)},
doi = {10.1109/ASPDAC.2011.5722205},
publisher = {IEEE},
year = {2011},
}


@inproceedings{Mello2010,
author = {Mello, Aline and Maia, Isaac and Greiner, Alain and Pecheux, Francois},
title = {Parallel simulation of systemC TLM 2.0 compliant MPSoC on SMP workstations},
booktitle = {2010 Design, Automation {\&} Test in Europe Conference {\&} Exhibition (DATE 2010)},
doi = {10.1109/DATE.2010.5457136},
publisher = {IEEE},
year = {2010},
}

@book{Chen2015,
author = {Chen, Weiwei},
title = {Out-of-order Parallel Discrete Event Simulation for Electronic System-level Design},
doi = {10.1007/978-3-319-08753-5},
isbn = {978-3-319-08752-8},
publisher = {Springer International Publishing},
year = {2015},
}

@inproceedings{Fujimoto2015,
author = {Fujimoto, Richard M.},
title = {Parallel and Distributed Simulation},
booktitle = {Proceedings of the 2015 Winter Simulation Conference},
isbn = {978-1-4673-9743-8/15},
year = {2015},
}


@inproceedings{Hosein2012,
author = {Niaki Attarzadeh, Seyed Hossein and Jakobsen, Mikkel Koefoed and Sulonen, Tero and Sander, Ingo},
title = {Formal Heterogeneous System Modeling with SystemC},
booktitle = {Forum on Specification and Design Languages (FDL)},
publisher = {IEEE},
isbn = {978-1-4673-1240-0},
month = sep,
year = {2012},
}


@book{Fujimoto1999,
author = {Fujimoto, Richard M.},
title = {Parallel and Distributed Simulation Systems},
isbn = {978-0-471-18383-9},
edition = {1st},
publisher = {John Wiley {\&} Sons, Inc.},
year = {1999},
}

@techreport{Bryant,
 author = {Bryant, R. E.},
 title = {Simulation of packet communication architecture computer systems},
 year = {1977},
 number = {143},
 source = {http://www.ncstrl.org:8900/ncstrl/servlet/search?formname=detail\&id=oai%3Ancstrlh%3Amitai%3AMIT-LCS%2F%2FMIT%2FLCS%2FTR-188},
 institution = {Massachusetts Institute of Technology},
 address = {Cambridge, MA, USA},
}

@article{Chandy1979,
author = {Chandy, K.M. and Misra, J.},
title = {Distributed Simulation: A Case Study in Design and Verification of Distributed Programs},
doi = {10.1109/TSE.1979.230182},
journal = {IEEE Transactions on Software Engineering},
month = sep,
volume = {SE-5},
year = {1979},
}

@incollection{Leupers2010,
author = {Rainer, Leupers and Olivier, Tenman},
title = {Trace-Driven Workload Simulation for MPSoC Software Performance Estimation},
booktitle = {Processor and System-on-Chip Simulation},
pages = {325--340},
doi = {10.1007/978-1-4419-6175-4},
isbn = { 978-1-4419-6174-7},
publisher = {Springer US},
year = {2010},
}



@article{Gajski1983,
author = {Gajski, Daniel D. and Kuhn, Robert},
title = {Guest Editors' Introduction: New VLSI Tools},
doi = {10.1109/MC.1983.1654264},
journal = {Computer},
month = dec,
pages = {11--14},
volume = {16},
year = {1983},
}


@book{Gajski2009,
author = {Gajski, Daniel D. and Abdi, Samar and Gerstlauer, Andreas and Schirner, Gunar},
title = {Embedded System Design},
isbn = {978-1-4419-0503-1},
doi = {10.1007/978-1-4419-0504-8},
publisher = {Springer US},
year = {2009},
}


@book{Rigo2011,
author = {Rigo, Sandro and Azevedo, Rodolfo and Santos, Luiz},
title = {Electronic System Level Design},
doi = {10.1007/978-1-4020-9940-3},
isbn = {978-1-4020-9939-7},
publisher = {Springer Netherlands},
year = {2011},
}


@book{MessagePassingInterfaceForum2012,
author = {{Message Passing Interface Forum}},
title = {{MPI: A Message Passing Interface Standard Version 3.0}},
publisher = {University of Tenessee},
url = {http://www.mpi-forum.org/docs/mpi-3.0/mpi30-report.pdf},
note = {visited on 20-2-2017},
year = {2012},
}


@techreport{Liu2015,
author = {Liu, Guantao and Schmidt, Tim and Rainer, D and Liu, Guantao and Schmidt, Tim and Rainer, D},
title = {RISC Compiler and Simulator, Alpha Release V0.2.1: Out-of-Order Parallel Simulatable SystemC Subset},
institution = {Center for Embedded and Cyber-physical Systems University of California, Irvine},
number = {949},
url = {http://www.cecs.uci.edu/~doemer/publications/CECS_TR_15_02.pdf},
note = {visited on 20-2-2017},
volume = {1},
year = {2015},
}


@book{Bailey2010,
author = {Bailey, Brian and Martin, Grant},
title = {ESL Models and their Application},
doi = {10.1007/978-1-4419-0965-7},
publisher = {Springer US},
year = {2010},
}

@inproceedings{Hakansson2013,
author = {H{\aa}kansson, Anne},
title = {Portal of Research Methods and Methodologies for Research Projects and Degree Projects},
isbn = {1-60132-243-7},
booktitle = {International Conference on Frontiers in Education: Computer Science and Computer Engineering},
pages = {67--73},
volume = {13},
year = {2013}
}


@mastersthesis{Runaker2015,
author = {Run{\aa}ker, Bjorn},
title = {Distributed system simulation with host-based target offloading},
school = {KTH Royal Institue of Technology},
url = {http://urn.kb.se/resolve?urn=urn:nbn:se:kth:diva-165177},
note = {visited on 2017-2-20},
year = {2015}
}


@misc{Surowiecki2013,
address = {New York, USA},
author = {Surowiecki, James},
booktitle = {The New Yorker},
month = sep,
title = {Where Nokia Went Wrong},
url = {http://www.newyorker.com/business/currency/where-nokia-went-wrong},
note = {visited on 20-2-2017},
year = {2013}
}


@article{Lamport1978,
author = {Lamport, Leslie},
title = {Time, Clocks, and the Ordering of Events in a Distributed System},
doi = {10.1145/359545.359563},
journal = {Communications of the ACM},
month = jul,
volume = {21},
year = {1978}
}


@article{Schulte2011,
author = {Schulte, Eric and Davison, Dan},
title = {Active documents with org-mode},
doi = {10.1109/MCSE.2011.41},
journal = {Computing in Science and Engineering},
month = mar,
pages = {66--73},
volume = {13},
year = {2011},
}

@article{Furia2010,
author = {Furia, Carlo and Mandrioli, Dino and Morzenti, Angelo and Rossi, Matteo},
title = {Modeling time in computing},
booktitle = {ACM Computing Surveys},
doi = {10.1145/1667062.1667063},
publisher = {ACM},
month = feb,
pages = {1--59},
volume = {42},
year = {2010}
}


@book{Stepanov2014,
 author = {Stepanov, Alexander A. and Rose, Daniel E.},
 title = {From Mathematics to Generic Programming},
 year = {2014},
 isbn = {978-0-321-94204-3 },
 edition = {1st},
 publisher = {Addison-Wesley Professional},
} 


@book{Tanenbaum1998,
author = {Tanenbaum, AS},
title = {Structured computer organization},
edition = {4th},
isbn = {978-0-131-48521-1},
publisher = {Prentice Hall},
year = {1998},
}


@book{May2009,
author = {May, David},
title = {The XMOS XS1 Architecture},
isbn = {978-1-907361-01-2},
publisher = {XMOS},
year = {2009},
}


@book{Ecker2009,
author = {Ecker, Wolfgang and M{\"{u}}ller, Wolfgang and D{\"{o}}mer, Rainer},
title = {Hardware-dependent software introduction and overview},
booktitle = {Hardware-dependent Software: Principles and Practice},
isbn = {978-1-4020-9435-4},
doi = {10.1007/978-1-4020-9436-1_1},
publisher = {Springer Netherlands},
pages = {1--13},
year = {2009},
}



@book{Hennessy2011,
author = {Hennessy, John L. and Patterson, David},
title = {Computer Architecture: A Quantitative Approach},
publisher = {Morgan Kaufmann},
edition = {5th},
isbn = {978-0-123838-72-8},
year = {2011},
}



